@Book{Goodfellow-et-al-2016,
title = {Deep Learning},
author = {Ian Goodfellow and Yoshua Bengio and Aaron Courville},
note = {\url{http://www.deeplearningbook.org}},
year = {2016}
}

@InProceedings{Strom2015,
author = {Strom, Nikko},
booktitle = {Proceedings of the Annual Conference of the International Speech Communication Association, INTERSPEECH},
pages = {1488--1492},
title = {{Scalable distributed DNN training using commodity GPU cloud computing}},
year = {2015}
}

@InProceedings{Szegedy2015,
author = {Szegedy, Christian and Liu, Wei and Jia, Yangqing and Sermanet, Pierre and Reed, Scott and Anguelov, Dragomir and Erhan, Dumitru and Vanhoucke, Vincent and Rabinovich, Andrew},
booktitle = {Proceedings of the IEEE Computer Society Conference on Computer Vision and Pattern Recognition},
title = {{Going deeper with convolutions}},
year = {2015}
}

@InProceedings{Kaiming2015,
author = {He, Kaiming and Zhang, Xiangyu and Ren, Shaoqing and Sun, Jian},
title = {Deep Residual Learning for Image Recognition},
booktitle = {The IEEE Conference on Computer Vision and Pattern Recognition},
year = {2016}
} 

@Article{Rumelhart1986,
address = {Cambridge, MA},
author = {Rumelhart, David E. and Hinton, Geoffrey E. and Williams, Ronald J.},
journal = {Parallel Distributed Processing: Explorations in the Microstructure of Cognition, {V}olume 1: {F}oundations},
editor = {Rumelhart, David E. and Mcclelland, James L.},
pages = {318--362},
title = {Learning Internal Representations by Error Propagation},
year = 1986
}

@PhdThesis{Hochreiter1991,
author = {Hochreiter, S.},
title = {{Untersuchungen zu dynamischen neuronalen Netzen}},
school = {Institut für Informatik, Technische Universität München},
year = 1991
}

@Book{Pacheco2011,
title={An Introduction to Parallel Programming},
author={Pacheco, P.S.},
year={2011},
}

@InBook{Dijkstra2002,
author = {Dijkstra, Edsger W.},
chapter = {Cooperating Sequential Processes},
title = {The Origin of Concurrent Programming},
editor = {Hansen, Per Brinch},
year = {2002},
pages = {65--138},
}

@Article{Zinkevich2010,
author = {Zinkevich, Martin and Alex, Snikam and Weimer, Markus and Li, Lihong},
journal = {Advances in Neural Information Processing Systems},
pages = {2595--2603},
title = {{Parallelized stochastic gradient descent}},
year = {2010}
}

@Article{Abadi2015,
author = {Abadi, Martin and Agarwal, Ashish and Barham, Paul and Brevdo, Eugene and Chen, Zhifeng and Citro, Craig and Corrado, Greg and Davis, Andy and Dean, Jeffrey and Devin, Matthieu and Ghemawat, Sanjay and Goodfellow, Ian and Harp, Andrew and Irving, Geoffrey and Isard, Michael and Jia, Yangqing and Kaiser, Lukasz and Kudlur, Manjunath and Levenberg, Josh and Man, Dan and Monga, Rajat and Moore, Sherry and Murray, Derek and Shlens, Jon and Steiner, Benoit and Sutskever, Ilya and Tucker, Paul and Vanhoucke, Vincent and Vasudevan, Vijay and Vinyals, Oriol and Warden, Pete and Wicke, Martin and Yu, Yuan and Zheng, Xiaoqiang},
journal = {CoRR},
number = {212},
pages = {19},
title = {{TensorFlow: Large-Scale Machine Learning on Heterogeneous Distributed Systems}},
volume = {1},
year = {2015}
}

@Article{LeCun1989,
author = {LeCun, Yann and Others},
journal = {Connectionism in perspective},
title = {{Generalization and network design strategies}},
year = {1989}
}

@Article{Rosenblatt1958,
author = {Rosenblatt, F},
journal = {Psychological Review},
number = {6},
title = {{The Perceptron: A~Probabilistic Model For Information Storage And Organization in the Brain}},
volume = {65},
year = {1958}
}

@InProceedings{Lin2013,
author = {Lin, Min and Chen, Qiang and Yan, Shuicheng},
booktitle = {International Conference on Learning Representations},
title = {{Network In Network}},
year = {2013}
}

@InProceedings{Gupta2015,
author = {Gupta, Suyog and Zhang, Wei and Milthorpe, Josh},
booktitle = {The IEEE International Conference on Data Mining},
title = {{Model Accuracy and Runtime Tradeoff in Distributed Deep Learning}},
year = {2016}
}

@InProceedings{Ooi2015,
author = {Ooi, Beng Chin and Wang, Yuan and Xie, Zhongle and Zhang, Meihui and Zheng, Kaiping and Tan, Kian-Lee and Wang, Sheng and Wang, Wei and Cai, Qingchao and Chen, Gang and Gao, Jinyang and Luo, Zhaojing and Tung, Anthony K.H.},
journal = {Proceedings of the 23rd ACM international conference on Multimedia - MM '15},
title = {{Singa: A~Distributed Deep Learning Platform}},
year = {2015}
}

@InProceedings{Sermanet2013,
author = {Sermanet, Pierre and Eigen, David and Zhang, Xiang and Mathieu, Michael and Fergus, Rob and LeCun, Yann},
journal = {International Conference on Learning Representations},
title = {{OverFeat: Integrated Recognition, Localization and Detection using Convolutional Networks}},
year = {2013}
}

@InProceedings{Gu2013,
author = {Gu, Rong and Shen, Furao and Huang, Yihua},
journal = {IEEE International Conference on Big Data},
title = {{A~parallel computing platform for training large scale neural networks}},
year = {2013}
}

@Article{Abadi2016,
author = {Abadi, Mart{\'{i}}n and Barham, Paul and Chen, Jianmin and Chen, Zhifeng and Davis, Andy and Dean, Jeffrey and Devin, Matthieu and Ghemawat, Sanjay and Irving, Geoffrey and Isard, Michael and Kudlur, Manjunath and Levenberg, Josh and Monga, Rajat and Moore, Sherry and Murray, Derek G. and Steiner, Benoit and Tucker, Paul and Vasudevan, Vijay and Warden, Pete and Wicke, Martin and Yu, Yuan and Zheng, Xiaoqiang},
journal = {Google Brain},
title = {{TensorFlow: A~system for large-scale machine learning}},
year = {2016}
}

@Article{Dean2012,
author = {Dean, Jeffrey and Corrado, Greg and Monga, Rajat and Chen, Kai and Devin, Matthieu and Mao, Mark and Senior, Andrew and Tucker, Paul and Yang, Ke and Le, Quoc V},
journal = {Advances in Neural Information Processing Systems},
title = {{Large scale distributed deep networks}},
year = {2012}
}

@InProceedings{Ioffe2015,
author = {Ioffe, Sergey and Szegedy, Christian},
booktitle = {Proceedings of the 32nd International Conference on Machine Learning},
title = {{Batch Normalization: Accelerating Deep Network Training by Reducing Internal Covariate Shift}},
year = {2015}
}

@Article{Simonyan2015,
author = {Simonyan, Karen and Zisserman, Andrew},
journal = {International Conference on Learning Representations},
title = {{Very Deep Convolutional Networks for Large-Scale Image Recognition}},
year = {2015}
}

@Book{Rojas1996,
title={Neural Networks: A~Systematic Introduction},
author={Feldman, J. and Rojas, R.},
year={1996},
}

@Article{Hochreiter2001,
author = {Hochreiter, Sepp},
journal = {A~Field Guide to Dynamical Recurrent Networks},
title = {{Gradient Flow in Recurrent Nets: The Difficulty of Learning LongTerm Dependencies}},
year = {2001}
}

@Article{Griffin2007,
author = {Griffin, G and Holub, a and Perona, P},
journal = {Caltech mimeo},
number = {1},
title = {{Caltech-256 object category dataset}},
volume = {11},
year = {2007}
}

@Article{Krizhevsky2012,
author = {Krizhevsky, Alex and Sutskever, Ilya and Hinton, Geoffrey E},
journal = {Advances In Neural Information Processing Systems},
title = {{ImageNet Classification with Deep Convolutional Neural Networks}},
year = {2012}
}

@Article{Kingma2015,
author = {Kingma, Diederik P. and Ba, Jimmy Lei},
journal = {International Conference on Learning Representations},
title = {{Adam: a Method for Stochastic Optimization}},
year = {2015}
}

@Article{Iandola2016,
author = {Iandola, Forrest N. and Moskewicz, Matthew W. and Ashraf, Khalid and Han, Song and Dally, William J. and Keutzer, Kurt},
journal = {CoRR},
title = {{SqueezeNet: AlexNet-Level Accuracy with 50x Fewer Parameters and {\textless}1MB Model Size}},
volume = {9349},
year = {2015}
}
